
@book{chen_introduction_1984,
	address = {Boston, MA},
	title = {Introduction to {Plasma} {Physics} and {Controlled} {Fusion}},
	isbn = {978-1-4419-3201-3 978-1-4757-5595-4},
	url = {http://link.springer.com/10.1007/978-1-4757-5595-4},
	language = {en},
	urldate = {2016-07-12},
	publisher = {Springer US},
	author = {Chen, Francis F.},
	year = {1984}
}