@article{Lin2014,
author = {Lin, Paul and Bettencourt, Matthew and Domino, Stefan and Fisher, Travis and Hoemmen, Mark and Hu, Jonathan and Phipps, Eric and Prokopenko, Andrey and Rajamanickam, Sivasankaran and Siefert, Christopher and Kennon, Stephen},
doi = {10.1142/S0129626414420055},
file = {:home/gullik/Downloads/lspp-trilinos-2014.pdf:pdf},
isbn = {9781479941162},
issn = {0129-6264},
journal = {Parallel Processing Letters},
keywords = {-solver library,extreme-scale simulations,trilinos,vertical integration},
number = {04},
pages = {1442005},
title = {{Towards Extreme-Scale Simulations for Low Mach Fluids with Second-Generation Trilinos}},
url = {http://www.worldscientific.com/doi/abs/10.1142/S0129626414420055},
volume = {24},
year = {2014}
}
