@incollection{
year={2000},
isbn={978-3-540-67553-2},
booktitle={High Performance Computing and Networking},
volume={1823},
series={Lecture Notes in Computer Science},
editor={Bubak, Marian and Afsarmanesh, Hamideh and Hertzberger, Bob and Williams, Roy},
doi={10.1007/3-540-45492-6_21},
title={Developing a Distributed Scalable Enterprise JavaBean Server},
url={http://dx.doi.org/10.1007/3-540-45492-6_21},
publisher={Springer Berlin Heidelberg},
author={Guo, Yike and Wendel, Patrick},
pages={207-216},
language={English}
}
