@MISC{METIS,
author = {George Karypis and Vipin Kumar},
title = {{MeTis: Unstructured Graph Partitioning and Sparse Matrix Ordering System, Version 4.0}},
howpublished = {\url{http://www.cs.umn.edu/~metis}},
year = {2009},
organization = {University of Minnesota, Minneapolis, MN},
}
@article{Baker2012,
author = {Baker, A. H. and Falgout, R. D. and Kolev, T. V. and Yang, U. M.},
doi = {10.1007/978-1-4471-2437-5{\_}13},
file = {:home/gullik/Downloads/Baker-2010-scaling-hypre.pdf:pdf},
journal = {High-Performance Scientific Computing},
pages = {261--279},
title = {{Scaling hypreâ€™s multigrid solvers to 100,000 cores}},
volume = {27344},
year = {2012}
}
